<?xml version="1.0" encoding="UTF-8"?><collection xmlns="http://www.loc.gov/MARC21/slim"><record><leader>00433nam--2200169-i-4500</leader><controlfield tag="001">000024698</controlfield><controlfield tag="002">20161230</controlfield><controlfield tag="005">20161230201035</controlfield><controlfield tag="008">060222s1000------------r-----000-0-eng-d</controlfield><datafield ind1=" " ind2=" " tag="040"><subfield code="a">IFIN-HH</subfield></datafield><datafield ind1=" " ind2=" " tag="080"><subfield code="a">539.23</subfield></datafield><datafield ind1="1" ind2=" " tag="100"><subfield code="a">Heavens, O.S</subfield></datafield><datafield ind1="1" ind2="0" tag="245"><subfield code="a">Optical properties of thin solid films</subfield><subfield code="b">Vol. 1</subfield><subfield code="c">O.s. heavens</subfield></datafield><datafield ind1=" " ind2=" " tag="260"><subfield code="a">London</subfield><subfield code="b">Butterworth</subfield><subfield code="c">1955</subfield></datafield><datafield ind1=" " ind2=" " tag="300"><subfield code="a">95 P</subfield></datafield><datafield ind1=" " ind2=" " tag="852"><subfield code="a">10269</subfield><subfield code="c">539.23</subfield></datafield><datafield ind1=" " ind2=" " tag="CAT"><subfield code="a">Sys</subfield><subfield code="c">20121211</subfield><subfield code="h">140513</subfield></datafield></record></collection>